@article{dai:2015,
  title={Semi-supervised sequence learning},
  author={Dai, Andrew M and Le, Quoc V},
  journal={Advances in neural information processing systems},
  volume={28},
  pages={3079--3087},
  year={2015}
}

@inproceedings{peters:2018,
  author    = {Matthew E. Peters and
               Mark Neumann and
               Mohit Iyyer and
               Matt Gardner and
               Christopher Clark and
               Kenton Lee and
               Luke Zettlemoyer},
  title     = {Deep Contextualized Word Representations},
  booktitle = {Proceedings of the 2018 Conference of the North American Chapter of
               the Association for Computational Linguistics: Human Language Technologies,
               {NAACL-HLT} 2018, New Orleans, Louisiana, USA, June 1-6, 2018, Volume
               1 (Long Papers)},
  year      = {2018},
}

@article{radford:2018,
  title={Improving language understanding by generative pre-training},
  author={Radford, Alec and Narasimhan, Karthik and Salimans, Tim and Sutskever, Ilya},
  year={2018}
}

@inproceedings{raj-etal:2016,
  author    = {Pranav Rajpurkar and
               Jian Zhang and
               Konstantin Lopyrev and
               Percy Liang},
  title     = {SQuAD: 100, 000+ Questions for Machine Comprehension of Text},
  booktitle = {Proceedings of the 2016 Conference on Empirical Methods in Natural
               Language Processing, {EMNLP} 2016, Austin, Texas, USA, November 1-4,
               2016},
  year      = {2016},
}

@inproceedings{socher-etal:2013:_recur,
  title={Recursive deep models for semantic compositionality over a sentiment treebank},
  author={Socher, Richard and Perelygin, Alex and Wu, Jean and Chuang, Jason and Manning, Christopher D and Ng, Andrew Y and Potts, Christopher},
  booktitle={Proceedings of the 2013 conference on empirical methods in natural language processing},
  pages={1631--1642},
  year={2013}
}

@inproceedings{tjong-de:2003,
  author    = {Erik F. Tjong Kim Sang and
               Fien De Meulder},
  title     = {Introduction to the CoNLL-2003 Shared Task: Language-Independent Named
               Entity Recognition},
  booktitle = {Proceedings of the Seventh Conference on Natural Language Learning,
               CoNLL 2003, Held in cooperation with {HLT-NAACL} 2003, Edmonton, Canada,
               May 31 - June 1, 2003},
  year      = {2003},
}
